<record><leader>00000cas a22000007a 4500</leader><controlfield tag="001">25702663</controlfield><controlfield tag="008">920424d184419uuvauwr ne      0    0eng d</controlfield><datafield ind1=" " ind2=" " tag="010"><subfield code="a">sn 92056718 </subfield></datafield><datafield ind1=" " ind2=" " tag="040"><subfield code="a">MGN</subfield><subfield code="b">eng</subfield><subfield code="c">MGN</subfield><subfield code="d">NVK</subfield><subfield code="d">MGN</subfield><subfield code="d">NVK</subfield><subfield code="d">OCL</subfield><subfield code="d">TEJ</subfield><subfield code="d">OCL</subfield><subfield code="d">OCLCQ</subfield><subfield code="d">NOC</subfield><subfield code="d">OCLCF</subfield></datafield><datafield ind1=" " ind2=" " tag="019"><subfield code="a">10834926</subfield></datafield><datafield ind1=" " ind2=" " tag="042"><subfield code="a">msc</subfield></datafield><datafield ind1=" " ind2=" " tag="043"><subfield code="a">n-usu--</subfield></datafield><datafield ind1="0" ind2=" " tag="130"><subfield code="a">Christian sun (Suffolk, Va.)</subfield></datafield><datafield ind1="1" ind2="4" tag="245"><subfield code="a">The Christian sun.</subfield></datafield><datafield ind1=" " ind2=" " tag="260"><subfield code="a">Suffolk, Va. :</subfield><subfield code="b">W.B. Wellons</subfield></datafield><datafield ind1=" " ind2=" " tag="300"><subfield code="a">v.</subfield></datafield><datafield ind1=" " ind2=" " tag="310"><subfield code="a">Weekly</subfield></datafield><datafield ind1="1" ind2=" " tag="362"><subfield code="a">Began in 1844?</subfield></datafield><datafield ind1=" " ind2=" " tag="500"><subfield code="a">Published in periodical format, &lt;June 3, 1908&gt;-</subfield></datafield><datafield ind1=" " ind2=" " tag="500"><subfield code="a">Occasionally not published some weeks during the summer.</subfield></datafield><datafield ind1=" " ind2=" " tag="500"><subfield code="a">Published in Petersburg, Va., &lt;Apr. 14, 1864; Raleigh, N.C., &lt;June 19, 1884-Dec. 9, 1894&gt; ; Elon College, N.C., &lt;Aug. 7, 1904&gt;-Dec. 5, 1906 ; Greensboro, N.C., Dec. 12, 1906-&lt;Dec. 8, 1909&gt; ; Elon College, N.C., &lt;Sept. 9, 1915-July 12, 1916&gt; ; Burlington, N.C., &lt;Nov. 20, 1918-June 21, 1922&gt; ; Richmond, Va., &lt;July 6, 1922&gt;-</subfield></datafield><datafield ind1=" " ind2=" " tag="550"><subfield code="a">Representing the Southern Christian Convention and the Congregational Churches of the Southeast, June 5, 1930-June 30, 1932.</subfield></datafield><datafield ind1=" " ind2=" " tag="550"><subfield code="a">Representing the Southeast Convention of Congregational and Christian Churches, Jul. 7, 1932-</subfield></datafield><datafield ind1=" " ind2=" " tag="550"><subfield code="a">Organ of the Southern Christian Convention, &lt;1904&gt;-May 29, 1930.</subfield></datafield><datafield ind1=" " ind2=" " tag="588"><subfield code="a">Description based on: Vol. 16, no. 23 (Sept. 16, 1859).</subfield></datafield><datafield ind1=" " ind2="0" tag="650"><subfield code="a">Congregational churches</subfield><subfield code="z">United States</subfield><subfield code="v">Newspapers.</subfield></datafield><datafield ind1=" " ind2="0" tag="651"><subfield code="a">Petersburg (Va.)</subfield><subfield code="v">Newspapers.</subfield></datafield><datafield ind1=" " ind2="0" tag="651"><subfield code="a">Richmond (Va.)</subfield><subfield code="v">Newspapers.</subfield></datafield><datafield ind1=" " ind2="0" tag="651"><subfield code="a">Suffolk (Va.)</subfield><subfield code="v">Newspapers.</subfield></datafield><datafield ind1=" " ind2="0" tag="651"><subfield code="a">Raleigh (N.C.)</subfield><subfield code="v">Newspapers.</subfield></datafield><datafield ind1=" " ind2="0" tag="651"><subfield code="a">Elon (N.C.)</subfield><subfield code="v">Newspapers.</subfield></datafield><datafield ind1=" " ind2="0" tag="651"><subfield code="a">Greensboro (N.C.)</subfield><subfield code="v">Periodicals.</subfield></datafield><datafield ind1=" " ind2="0" tag="651"><subfield code="a">Burlington (N.C.)</subfield><subfield code="v">Periodicals.</subfield></datafield><datafield ind1=" " ind2="7" tag="655"><subfield code="a">Newspapers.</subfield><subfield code="2">fast</subfield><subfield code="0">(OCoLC)fst01423814</subfield></datafield><datafield ind1=" " ind2="7" tag="655"><subfield code="a">Periodicals.</subfield><subfield code="2">fast</subfield><subfield code="0">(OCoLC)fst01411641</subfield></datafield><datafield ind1=" " ind2="7" tag="650"><subfield code="a">Congregational churches.</subfield><subfield code="2">fast</subfield><subfield code="0">(OCoLC)fst00875181</subfield></datafield><datafield ind1=" " ind2="7" tag="651"><subfield code="a">North Carolina</subfield><subfield code="z">Burlington.</subfield><subfield code="2">fast</subfield><subfield code="0">(OCoLC)fst01213693</subfield></datafield><datafield ind1=" " ind2="7" tag="651"><subfield code="a">North Carolina</subfield><subfield code="z">Elon.</subfield><subfield code="2">fast</subfield><subfield code="0">(OCoLC)fst01900000</subfield></datafield><datafield ind1=" " ind2="7" tag="651"><subfield code="a">North Carolina</subfield><subfield code="z">Greensboro.</subfield><subfield code="2">fast</subfield><subfield code="0">(OCoLC)fst01205296</subfield></datafield><datafield ind1=" " ind2="7" tag="651"><subfield code="a">North Carolina</subfield><subfield code="z">Raleigh.</subfield><subfield code="2">fast</subfield><subfield code="0">(OCoLC)fst01206341</subfield></datafield><datafield ind1=" " ind2="7" tag="651"><subfield code="a">United States.</subfield><subfield code="2">fast</subfield><subfield code="0">(OCoLC)fst01204155</subfield></datafield><datafield ind1=" " ind2="7" tag="651"><subfield code="a">Virginia</subfield><subfield code="z">Petersburg.</subfield><subfield code="2">fast</subfield><subfield code="0">(OCoLC)fst01209840</subfield></datafield><datafield ind1=" " ind2="7" tag="651"><subfield code="a">Virginia</subfield><subfield code="z">Richmond.</subfield><subfield code="2">fast</subfield><subfield code="0">(OCoLC)fst01205345</subfield></datafield><datafield ind1=" " ind2="7" tag="651"><subfield code="a">Virginia</subfield><subfield code="z">Suffolk.</subfield><subfield code="2">fast</subfield><subfield code="0">(OCoLC)fst01207739</subfield></datafield><datafield ind1="2" ind2=" " tag="710"><subfield code="a">General Council of the Congregational and Christian Churches of the United States.</subfield></datafield><datafield ind1=" " ind2=" " tag="752"><subfield code="a">United States</subfield><subfield code="b">Virginia</subfield><subfield code="d">Suffolk.</subfield></datafield><datafield ind1=" " ind2=" " tag="752"><subfield code="a">United States</subfield><subfield code="b">Virginia</subfield><subfield code="d">Petersburg.</subfield></datafield><datafield ind1=" " ind2=" " tag="752"><subfield code="a">United States</subfield><subfield code="b">Virginia</subfield><subfield code="d">Richmond.</subfield></datafield><datafield ind1=" " ind2=" " tag="752"><subfield code="a">United States</subfield><subfield code="b">North Carolina</subfield><subfield code="c">Wake</subfield><subfield code="d">Raleigh.</subfield></datafield><datafield ind1=" " ind2=" " tag="752"><subfield code="a">United States</subfield><subfield code="b">North Carolina</subfield><subfield code="c">Alamance</subfield><subfield code="d">Elon College.</subfield></datafield><datafield ind1=" " ind2=" " tag="752"><subfield code="a">United States</subfield><subfield code="b">North Carolina</subfield><subfield code="c">Guilford</subfield><subfield code="d">Greensboro.</subfield></datafield><datafield ind1=" " ind2=" " tag="752"><subfield code="a">United States</subfield><subfield code="b">North Carolina</subfield><subfield code="c">Alamance</subfield><subfield code="d">Burlington.</subfield></datafield></record>